<?xml version="1.0" encoding="UTF-8"?>
<record>
  <leader>01054nam a2200289 c 4500</leader>
  <controlfield tag="003">DE-605</controlfield>
  <controlfield tag="005">20250711100716.0</controlfield>
  <controlfield tag="007">tu</controlfield>
  <controlfield tag="008">990417|1878    gw            ||| | ger c</controlfield>
  <controlfield tag="001">990005108810206441</controlfield>
  <datafield tag="016" ind1="7" ind2=" ">
    <subfield code="a">312381983</subfield>
    <subfield code="2">OCoLC</subfield>
  </datafield>
  <datafield tag="035" ind1=" " ind2=" ">
    <subfield code="a">(DE-605)HT000582849</subfield>
  </datafield>
  <datafield tag="040" ind1=" " ind2=" ">
    <subfield code="a">466</subfield>
    <subfield code="b">ger</subfield>
    <subfield code="d">385</subfield>
    <subfield code="e">rakwb</subfield>
  </datafield>
  <datafield tag="041" ind1=" " ind2=" ">
    <subfield code="a">ger</subfield>
  </datafield>
  <datafield tag="044" ind1=" " ind2=" ">
    <subfield code="c">XA-DXDE</subfield>
  </datafield>
  <datafield tag="100" ind1="1" ind2=" ">
    <subfield code="a">Schliemann, Heinrich</subfield>
    <subfield code="d">1822-1890</subfield>
    <subfield code="0">(DE-588)118608215</subfield>
    <subfield code="4">aut</subfield>
    <subfield code="0">https://d-nb.info/gnd/118608215</subfield>
    <subfield code="0">http://viaf.org/viaf/17229333</subfield>
    <subfield code="B">GND-118608215</subfield>
  </datafield>
  <datafield tag="245" ind1="1" ind2="0">
    <subfield code="a">Mykenae</subfield>
    <subfield code="b">Bericht über meine Forschungen und Entdeckungen in Mykenae und Tiryns</subfield>
    <subfield code="c">von Heinrich Schliemann</subfield>
  </datafield>
  <datafield tag="264" ind1=" " ind2="1">
    <subfield code="a">Leipzig</subfield>
    <subfield code="b">Brockhaus</subfield>
    <subfield code="c">1878</subfield>
  </datafield>
  <datafield tag="300" ind1=" " ind2=" ">
    <subfield code="a">LXVI, 447 S., XXI Bl. : zahlr. Ill., graph. Darst.</subfield>
  </datafield>
  <datafield tag="361" ind1="1" ind2=" ">
    <subfield code="5">DE-51</subfield>
    <subfield code="s">G 1505h</subfield>
    <subfield code="o">Vorbesitz</subfield>
    <subfield code="a">Bezirk Minden Westfalen Regierung</subfield>
    <subfield code="0">(DE-588)4420585-5</subfield>
    <subfield code="f">Stempel</subfield>
    <subfield code="z">Angabe Stempel: Bibliothek der Regierung zu Minden</subfield>
  </datafield>
  <datafield tag="689" ind1="0" ind2="0">
    <subfield code="a">Mykene</subfield>
    <subfield code="D">g</subfield>
    <subfield code="0">(DE-588)4040975-2</subfield>
    <subfield code="B">GND-040409759</subfield>
  </datafield>
  <datafield tag="689" ind1="0" ind2="1">
    <subfield code="a">Ausgrabung</subfield>
    <subfield code="D">s</subfield>
    <subfield code="0">(DE-588)4129464-6</subfield>
    <subfield code="B">GND-041294645</subfield>
  </datafield>
  <datafield tag="035" ind1=" " ind2=" ">
    <subfield code="a">(OCoLC)312381983</subfield>
  </datafield>
  <datafield tag="035" ind1=" " ind2=" ">
    <subfield code="a">(DE-599)HBZHT000582849</subfield>
  </datafield>
  <datafield tag="964" ind1="0" ind2="s">
    <subfield code="F">030</subfield>
    <subfield code="A">a|1uc||||||17</subfield>
  </datafield>
  <datafield tag="964" ind1="0" ind2="s">
    <subfield code="F">050</subfield>
    <subfield code="A">a|||||||||||||</subfield>
  </datafield>
  <datafield tag="964" ind1="0" ind2="s">
    <subfield code="F">051</subfield>
    <subfield code="A">m|||||||</subfield>
  </datafield>
  <datafield tag="MBD" ind1=" " ind2=" ">
    <subfield code="M">49HBZ_NETWORK</subfield>
    <subfield code="i">990005108810206441</subfield>
    <subfield code="n">HBZ Network</subfield>
  </datafield>
  <datafield tag="MBD" ind1=" " ind2=" ">
    <subfield code="M">49HBZ_BRIDGE_FIZ</subfield>
    <subfield code="i">9913306007816</subfield>
    <subfield code="n">Bibliotheken ohne zentrale Katalogisierung</subfield>
  </datafield>
  <datafield tag="MBD" ind1=" " ind2=" ">
    <subfield code="M">49HBZ_DET</subfield>
    <subfield code="i">991009802568306480</subfield>
    <subfield code="n">Hochschule für Musik Detmold / Lippische Landesbibliothek</subfield>
  </datafield>
  <datafield tag="MBD" ind1=" " ind2=" ">
    <subfield code="M">49HBZ_KAD</subfield>
    <subfield code="i">990001297400206458</subfield>
    <subfield code="n">Kunstakademie Düsseldorf</subfield>
  </datafield>
  <datafield tag="MBD" ind1=" " ind2=" ">
    <subfield code="M">49HBZ_LBZ</subfield>
    <subfield code="i">991014527769708973</subfield>
    <subfield code="n">Landesbibliothekszentrum RLP (LBZ)</subfield>
  </datafield>
  <datafield tag="MBD" ind1=" " ind2=" ">
    <subfield code="M">49HBZ_UBA</subfield>
    <subfield code="i">991026353386006448</subfield>
    <subfield code="n">RWTH Aachen</subfield>
  </datafield>
  <datafield tag="MBD" ind1=" " ind2=" ">
    <subfield code="M">49HBZ_UBT</subfield>
    <subfield code="i">990012152550106470</subfield>
    <subfield code="n">UB Trier</subfield>
  </datafield>
  <datafield tag="MBD" ind1=" " ind2=" ">
    <subfield code="M">49HBZ_ULB</subfield>
    <subfield code="i">991039926419706467</subfield>
    <subfield code="n">Universitaet Bonn</subfield>
  </datafield>
  <datafield tag="MBD" ind1=" " ind2=" ">
    <subfield code="M">49HBZ_UBO</subfield>
    <subfield code="i">991007208039706471</subfield>
    <subfield code="n">Universität Bochum</subfield>
  </datafield>
  <datafield tag="MBD" ind1=" " ind2=" ">
    <subfield code="M">49HBZ_DUE</subfield>
    <subfield code="i">990000915970206443</subfield>
    <subfield code="n">Universität Düsseldorf</subfield>
  </datafield>
  <datafield tag="MBD" ind1=" " ind2=" ">
    <subfield code="M">49HBZ_UBK</subfield>
    <subfield code="i">991051602239706476</subfield>
    <subfield code="n">Universität Köln</subfield>
  </datafield>
  <datafield tag="MBD" ind1=" " ind2=" ">
    <subfield code="M">49HBZ_ULM</subfield>
    <subfield code="i">991027199839706449</subfield>
    <subfield code="n">Universität Münster</subfield>
  </datafield>
  <datafield tag="MNG" ind1=" " ind2=" ">
    <subfield code="c">l9s-3d7######49HBZ_DET</subfield>
    <subfield code="f">ILS</subfield>
    <subfield code="i">marc21</subfield>
    <subfield code="l">52</subfield>
    <subfield code="k">01</subfield>
    <subfield code="e">false</subfield>
    <subfield code="d">2025-07-11 10:07:16 Europe/Berlin</subfield>
    <subfield code="g">000510881-HBZ01</subfield>
    <subfield code="j">50</subfield>
    <subfield code="a">import</subfield>
    <subfield code="b">2021-04-05 09:24:35 Europe/Berlin</subfield>
  </datafield>
  <datafield tag="H52" ind1="0" ind2=" ">
    <subfield code="b">P0002</subfield>
    <subfield code="c">UNASSIGNED</subfield>
    <subfield code="8">22125708180007816</subfield>
  </datafield>
  <datafield tag="HOL" ind1=" " ind2=" ">
    <subfield code="d">2024-11-26 06:31:40</subfield>
    <subfield code="8">22125708180007816</subfield>
    <subfield code="b">2024-11-26 06:31:40</subfield>
    <subfield code="M">49HBZ_BRIDGE_FIZ</subfield>
    <subfield code="g">false</subfield>
    <subfield code="a">System</subfield>
    <subfield code="c">System</subfield>
  </datafield>
  <datafield tag="H52" ind1="0" ind2=" ">
    <subfield code="b">Z9029</subfield>
    <subfield code="c">kA</subfield>
    <subfield code="h">9587</subfield>
    <subfield code="8">22125708010007816</subfield>
  </datafield>
  <datafield tag="HOL" ind1=" " ind2=" ">
    <subfield code="d">2024-11-26 06:31:41</subfield>
    <subfield code="8">22125708010007816</subfield>
    <subfield code="b">2024-11-26 06:31:41</subfield>
    <subfield code="M">49HBZ_BRIDGE_FIZ</subfield>
    <subfield code="g">false</subfield>
    <subfield code="a">System</subfield>
    <subfield code="c">System</subfield>
  </datafield>
  <datafield tag="H52" ind1="0" ind2=" ">
    <subfield code="b">Z9030</subfield>
    <subfield code="c">UNASSIGNED</subfield>
    <subfield code="8">22125708110007816</subfield>
  </datafield>
  <datafield tag="HOL" ind1=" " ind2=" ">
    <subfield code="d">2024-11-26 06:31:40</subfield>
    <subfield code="8">22125708110007816</subfield>
    <subfield code="b">2024-11-26 06:31:40</subfield>
    <subfield code="M">49HBZ_BRIDGE_FIZ</subfield>
    <subfield code="g">false</subfield>
    <subfield code="a">System</subfield>
    <subfield code="c">System</subfield>
  </datafield>
  <datafield tag="H52" ind1="0" ind2=" ">
    <subfield code="b">Z9031</subfield>
    <subfield code="c">UNASSIGNED</subfield>
    <subfield code="8">22125708050007816</subfield>
  </datafield>
  <datafield tag="HOL" ind1=" " ind2=" ">
    <subfield code="d">2024-11-26 06:31:41</subfield>
    <subfield code="8">22125708050007816</subfield>
    <subfield code="b">2024-11-26 06:31:41</subfield>
    <subfield code="M">49HBZ_BRIDGE_FIZ</subfield>
    <subfield code="g">false</subfield>
    <subfield code="a">System</subfield>
    <subfield code="c">System</subfield>
  </datafield>
  <datafield tag="ITM" ind1=" " ind2=" ">
    <subfield code="H">22125708010007816</subfield>
    <subfield code="x">kA</subfield>
    <subfield code="f">BOOK</subfield>
    <subfield code="v">kA</subfield>
    <subfield code="p">kA</subfield>
    <subfield code="X">System</subfield>
    <subfield code="Y">2003-03-26 01:00:00 Europe/Berlin</subfield>
    <subfield code="n">9587</subfield>
    <subfield code="M">49HBZ_BRIDGE_FIZ</subfield>
    <subfield code="s">1</subfield>
    <subfield code="d">0</subfield>
    <subfield code="V">System</subfield>
    <subfield code="b">keinBarcode</subfield>
    <subfield code="a">23125707970007816</subfield>
    <subfield code="c">9587</subfield>
    <subfield code="W">2024-11-26 07:31:41 Europe/Berlin</subfield>
    <subfield code="u">Z9029</subfield>
    <subfield code="w">Z9029</subfield>
  </datafield>
  <datafield tag="H52" ind1="8" ind2=" ">
    <subfield code="b">LLB</subfield>
    <subfield code="c">LLB_MagLes</subfield>
    <subfield code="h">02-G 1505h</subfield>
    <subfield code="8">22113166100006480</subfield>
  </datafield>
  <datafield tag="HOL" ind1=" " ind2=" ">
    <subfield code="d">2025-07-10 12:33:22</subfield>
    <subfield code="8">22113166100006480</subfield>
    <subfield code="b">2025-07-10 12:33:22</subfield>
    <subfield code="M">49HBZ_DET</subfield>
    <subfield code="g">false</subfield>
    <subfield code="a">l9s-3d7</subfield>
    <subfield code="c">l9s-3d7</subfield>
  </datafield>
  <datafield tag="ITM" ind1=" " ind2=" ">
    <subfield code="H">22113166100006480</subfield>
    <subfield code="x">LLB_MagLes</subfield>
    <subfield code="f">BOOK</subfield>
    <subfield code="v">LLB_MagLes</subfield>
    <subfield code="p">lesesaal</subfield>
    <subfield code="X">l9s-3d7</subfield>
    <subfield code="Y">2025-07-10 14:34:04 Europe/Berlin</subfield>
    <subfield code="h">false</subfield>
    <subfield code="n">02-G 1505h</subfield>
    <subfield code="G">1</subfield>
    <subfield code="M">49HBZ_DET</subfield>
    <subfield code="s">1</subfield>
    <subfield code="d">8</subfield>
    <subfield code="V">l9s-3d7</subfield>
    <subfield code="b">06154264</subfield>
    <subfield code="a">23113166080006480</subfield>
    <subfield code="c">02-G 1505h</subfield>
    <subfield code="K">Tafeln separat gebunden</subfield>
    <subfield code="W">2025-07-10 14:34:04 Europe/Berlin</subfield>
    <subfield code="u">LLB</subfield>
    <subfield code="w">LLB</subfield>
  </datafield>
  <datafield tag="H52" ind1="8" ind2="1">
    <subfield code="b">X6001</subfield>
    <subfield code="c">MAG</subfield>
    <subfield code="h">Ant. 10</subfield>
    <subfield code="8">228615950006458</subfield>
  </datafield>
  <datafield tag="HOL" ind1=" " ind2=" ">
    <subfield code="d">2023-08-17 10:58:30</subfield>
    <subfield code="8">228615950006458</subfield>
    <subfield code="b">2023-07-31 07:11:11</subfield>
    <subfield code="M">49HBZ_KAD</subfield>
    <subfield code="g">false</subfield>
    <subfield code="a">import</subfield>
    <subfield code="c">System</subfield>
  </datafield>
  <datafield tag="ITM" ind1=" " ind2=" ">
    <subfield code="H">228615950006458</subfield>
    <subfield code="x">MAG</subfield>
    <subfield code="f">BOOK</subfield>
    <subfield code="v">MAG</subfield>
    <subfield code="p">04</subfield>
    <subfield code="X">System</subfield>
    <subfield code="U">2015-10-09 12:59:00 Europe/Berlin</subfield>
    <subfield code="Y">2023-07-31 09:12:27 Europe/Berlin</subfield>
    <subfield code="h">false</subfield>
    <subfield code="n">Ant. 10</subfield>
    <subfield code="M">49HBZ_KAD</subfield>
    <subfield code="s">1</subfield>
    <subfield code="d">8</subfield>
    <subfield code="V">import</subfield>
    <subfield code="b">129740-10</subfield>
    <subfield code="a">238615940006458</subfield>
    <subfield code="c">Ant. 10</subfield>
    <subfield code="B">1617/79</subfield>
    <subfield code="D">20151009</subfield>
    <subfield code="W">2015-10-09 02:00:00 Europe/Berlin</subfield>
    <subfield code="u">X6001</subfield>
    <subfield code="w">X6001</subfield>
  </datafield>
  <datafield tag="H52" ind1="8" ind2=" ">
    <subfield code="b">PLB</subfield>
    <subfield code="c">PLB_INT</subfield>
    <subfield code="h">22.1466</subfield>
    <subfield code="8">22215903110008973</subfield>
  </datafield>
  <datafield tag="HOL" ind1=" " ind2=" ">
    <subfield code="b">2024-09-14 17:03:31</subfield>
    <subfield code="8">22215903110008973</subfield>
    <subfield code="M">49HBZ_LBZ</subfield>
    <subfield code="g">false</subfield>
    <subfield code="a">import</subfield>
  </datafield>
  <datafield tag="ITM" ind1=" " ind2=" ">
    <subfield code="H">22215903110008973</subfield>
    <subfield code="x">PLB_INT</subfield>
    <subfield code="f">BOOK</subfield>
    <subfield code="v">PLB_INT</subfield>
    <subfield code="p">L</subfield>
    <subfield code="X">System</subfield>
    <subfield code="U">2005-11-29 11:59:00 Europe/Berlin</subfield>
    <subfield code="Y">2024-09-14 19:04:07 Europe/Berlin</subfield>
    <subfield code="h">false</subfield>
    <subfield code="M">49HBZ_LBZ</subfield>
    <subfield code="s">1</subfield>
    <subfield code="d">8</subfield>
    <subfield code="V">import</subfield>
    <subfield code="b">011057534107</subfield>
    <subfield code="N">SISIS-Magazindrucker: 0 | Keine Beilagen: 1 | Fernleihkonditionen: 0 | Altersbegrenzung: 0</subfield>
    <subfield code="a">23215903100008973</subfield>
    <subfield code="c">22.1466</subfield>
    <subfield code="W">2024-09-14 19:03:31 Europe/Berlin</subfield>
    <subfield code="u">PLB</subfield>
    <subfield code="w">PLB</subfield>
  </datafield>
  <datafield tag="H52" ind1="8" ind2=" ">
    <subfield code="b">ZB</subfield>
    <subfield code="c">PANZERRAUM</subfield>
    <subfield code="8">22350466800006448</subfield>
  </datafield>
  <datafield tag="HOL" ind1=" " ind2=" ">
    <subfield code="d">2025-04-16 12:09:49</subfield>
    <subfield code="8">22350466800006448</subfield>
    <subfield code="b">2025-04-16 12:09:40</subfield>
    <subfield code="M">49HBZ_UBA</subfield>
    <subfield code="g">false</subfield>
    <subfield code="a">UBID-PPEME8J7</subfield>
    <subfield code="c">UBID-PPEME8J7</subfield>
  </datafield>
  <datafield tag="ITM" ind1=" " ind2=" ">
    <subfield code="H">22350466800006448</subfield>
    <subfield code="x">PANZERRAUM</subfield>
    <subfield code="f">RARE</subfield>
    <subfield code="v">PANZERRAUM</subfield>
    <subfield code="p">Geschuetzt</subfield>
    <subfield code="X">UBID-PPEME8J7</subfield>
    <subfield code="Y">2025-04-16 14:10:14 Europe/Berlin</subfield>
    <subfield code="h">false</subfield>
    <subfield code="n">GG1048</subfield>
    <subfield code="G">1</subfield>
    <subfield code="M">49HBZ_UBA</subfield>
    <subfield code="s">1</subfield>
    <subfield code="d">8</subfield>
    <subfield code="V">UBID-PPEME8J7</subfield>
    <subfield code="b">GG1048</subfield>
    <subfield code="a">23350466780006448</subfield>
    <subfield code="t">8</subfield>
    <subfield code="W">2025-04-16 14:10:14 Europe/Berlin</subfield>
    <subfield code="u">ZB</subfield>
    <subfield code="w">ZB</subfield>
  </datafield>
  <datafield tag="H52" ind1="8" ind2=" ">
    <subfield code="b">T0011</subfield>
    <subfield code="c">99</subfield>
    <subfield code="h">af2211</subfield>
    <subfield code="8">22255392640006470</subfield>
  </datafield>
  <datafield tag="HOL" ind1=" " ind2=" ">
    <subfield code="b">2023-08-13 14:20:25</subfield>
    <subfield code="8">22255392640006470</subfield>
    <subfield code="M">49HBZ_UBT</subfield>
    <subfield code="g">false</subfield>
    <subfield code="a">import</subfield>
  </datafield>
  <datafield tag="ITM" ind1=" " ind2=" ">
    <subfield code="H">22255392640006470</subfield>
    <subfield code="x">99</subfield>
    <subfield code="f">BOOK</subfield>
    <subfield code="v">99</subfield>
    <subfield code="p">21</subfield>
    <subfield code="X">System</subfield>
    <subfield code="U">2004-09-07 12:59:00 Europe/Berlin</subfield>
    <subfield code="Y">2023-08-13 16:22:02 Europe/Berlin</subfield>
    <subfield code="h">false</subfield>
    <subfield code="n">af2211</subfield>
    <subfield code="M">49HBZ_UBT</subfield>
    <subfield code="s">1</subfield>
    <subfield code="d">8</subfield>
    <subfield code="V">import</subfield>
    <subfield code="L">Fach 32</subfield>
    <subfield code="b">0055.6728.49</subfield>
    <subfield code="a">23255392630006470</subfield>
    <subfield code="t">8</subfield>
    <subfield code="c">af2211</subfield>
    <subfield code="B">S56-394</subfield>
    <subfield code="D">20031231</subfield>
    <subfield code="W">2004-09-07 02:00:00 Europe/Berlin</subfield>
    <subfield code="u">T0011</subfield>
    <subfield code="w">T0011</subfield>
  </datafield>
  <datafield tag="H52" ind1="#" ind2=" ">
    <subfield code="b">0</subfield>
    <subfield code="c">0-MagAlt</subfield>
    <subfield code="h"> PGB 344 </subfield>
    <subfield code="8">22241841490006467</subfield>
  </datafield>
  <datafield tag="HOL" ind1=" " ind2=" ">
    <subfield code="d">2023-08-03 08:13:02</subfield>
    <subfield code="8">22241841490006467</subfield>
    <subfield code="b">2023-07-24 07:50:40</subfield>
    <subfield code="M">49HBZ_ULB</subfield>
    <subfield code="g">false</subfield>
    <subfield code="a">import</subfield>
    <subfield code="c">System</subfield>
  </datafield>
  <datafield tag="H52" ind1="#" ind2=" ">
    <subfield code="b">0</subfield>
    <subfield code="c">0-MagAlt</subfield>
    <subfield code="h"> Dh 28 </subfield>
    <subfield code="8">22241841510006467</subfield>
  </datafield>
  <datafield tag="HOL" ind1=" " ind2=" ">
    <subfield code="d">2023-08-03 08:13:16</subfield>
    <subfield code="8">22241841510006467</subfield>
    <subfield code="b">2023-07-24 07:50:40</subfield>
    <subfield code="M">49HBZ_ULB</subfield>
    <subfield code="g">false</subfield>
    <subfield code="a">import</subfield>
    <subfield code="c">System</subfield>
  </datafield>
  <datafield tag="H52" ind1="#" ind2=" ">
    <subfield code="b">KA</subfield>
    <subfield code="c">KA-Mag</subfield>
    <subfield code="h">UF Mykene Schli</subfield>
    <subfield code="8">22241841470006467</subfield>
  </datafield>
  <datafield tag="HOL" ind1=" " ind2=" ">
    <subfield code="b">2023-07-24 07:50:40</subfield>
    <subfield code="8">22241841470006467</subfield>
    <subfield code="M">49HBZ_ULB</subfield>
    <subfield code="g">false</subfield>
    <subfield code="a">import</subfield>
  </datafield>
  <datafield tag="ITM" ind1=" " ind2=" ">
    <subfield code="H">22241841510006467</subfield>
    <subfield code="x">0-MagAlt</subfield>
    <subfield code="f">BOOK</subfield>
    <subfield code="v">0-MagAlt</subfield>
    <subfield code="X">System</subfield>
    <subfield code="U">2023-07-23 12:59:00 Europe/Berlin</subfield>
    <subfield code="Y">2023-08-03 10:13:35 Europe/Berlin</subfield>
    <subfield code="h">false</subfield>
    <subfield code="n">Dh 28</subfield>
    <subfield code="G">1</subfield>
    <subfield code="M">49HBZ_ULB</subfield>
    <subfield code="s">1</subfield>
    <subfield code="d">#</subfield>
    <subfield code="V">import</subfield>
    <subfield code="L">HBInvNr.: re.010306.1386</subfield>
    <subfield code="b">Dh28</subfield>
    <subfield code="O">SISIS-Ausleihzähler Migrationsjahr: 0 | SISIS-Ausleihzähler Vor-Migrationsjahr: 0 | SISIS-Ausleihzähler vorletztes Migrationsjahr: 0 | SISIS-Vormerkzähler Migrationsjahr: 0 | SISIS-Buchdaten-Aufnahmedatum: 2002-03-27</subfield>
    <subfield code="N">SISIS-ULBSystematik: 219 | SISIS-Magazindrucker: 5 | SISIS-Fernleihkonditionen: 0 | SISIS-Medientyp: 0 | Sigel: 5 | SISIS-Entleihbarkeit: L | SISIS-Zweigstelle: 0</subfield>
    <subfield code="a">23241841500006467</subfield>
    <subfield code="c">Dh 28</subfield>
    <subfield code="W">2023-07-24 09:50:40 Europe/Berlin</subfield>
    <subfield code="u">0</subfield>
    <subfield code="w">0</subfield>
  </datafield>
  <datafield tag="ITM" ind1=" " ind2=" ">
    <subfield code="H">22241841490006467</subfield>
    <subfield code="x">0-MagAlt</subfield>
    <subfield code="f">BOOK</subfield>
    <subfield code="v">0-MagAlt</subfield>
    <subfield code="X">System</subfield>
    <subfield code="U">2023-07-23 12:59:00 Europe/Berlin</subfield>
    <subfield code="Y">2023-08-03 10:13:38 Europe/Berlin</subfield>
    <subfield code="h">false</subfield>
    <subfield code="n">PGB 344</subfield>
    <subfield code="G">1</subfield>
    <subfield code="M">49HBZ_ULB</subfield>
    <subfield code="s">1</subfield>
    <subfield code="d">#</subfield>
    <subfield code="V">import</subfield>
    <subfield code="b">PGB344</subfield>
    <subfield code="O">SISIS-Ausleihzähler Migrationsjahr: 0 | SISIS-Ausleihzähler Vor-Migrationsjahr: 0 | SISIS-Ausleihzähler vorletztes Migrationsjahr: 0 | SISIS-Vormerkzähler Migrationsjahr: 0 | SISIS-Buchdaten-Aufnahmedatum: 2008-06-30</subfield>
    <subfield code="N">SISIS-ULBSystematik: 219 | SISIS-Magazindrucker: 5 | SISIS-Fernleihkonditionen: 0 | SISIS-Medientyp: 0 | Sigel: 5 | SISIS-Entleihbarkeit: L | SISIS-Zweigstelle: 0</subfield>
    <subfield code="a">23241841480006467</subfield>
    <subfield code="c">PGB 344</subfield>
    <subfield code="W">2023-07-24 09:50:40 Europe/Berlin</subfield>
    <subfield code="u">0</subfield>
    <subfield code="w">0</subfield>
  </datafield>
  <datafield tag="ITM" ind1=" " ind2=" ">
    <subfield code="H">22241841470006467</subfield>
    <subfield code="x">KA-Mag</subfield>
    <subfield code="f">BOOK</subfield>
    <subfield code="v">KA-Mag</subfield>
    <subfield code="X">AMO_TL2_FIX</subfield>
    <subfield code="U">2023-07-23 12:59:00 Europe/Berlin</subfield>
    <subfield code="Y">2023-07-25 08:01:39 Europe/Berlin</subfield>
    <subfield code="h">false</subfield>
    <subfield code="n">UF Mykene Schli #1</subfield>
    <subfield code="G">1</subfield>
    <subfield code="M">49HBZ_ULB</subfield>
    <subfield code="s">1</subfield>
    <subfield code="d">#</subfield>
    <subfield code="V">import</subfield>
    <subfield code="b">KA-105354</subfield>
    <subfield code="O">SISIS-Ausleihzähler Migrationsjahr: 0 | SISIS-Ausleihzähler Vor-Migrationsjahr: 0 | SISIS-Ausleihzähler vorletztes Migrationsjahr: 0 | SISIS-Vormerkzähler Migrationsjahr: 0 | SISIS-Buchdaten-Aufnahmedatum: 2008-04-11</subfield>
    <subfield code="N">SISIS-ULBSystematik: 219 | SISIS-Magazindrucker: 0 | SISIS-Fernleihkonditionen: 3 | SISIS-Medientyp: 0 | Sigel: 5/8 | SISIS-Entleihbarkeit: X | SISIS-Zweigstelle: 59</subfield>
    <subfield code="a">23241841460006467</subfield>
    <subfield code="c">UF Mykene Schli</subfield>
    <subfield code="W">2023-07-24 09:50:40 Europe/Berlin</subfield>
    <subfield code="u">KA</subfield>
    <subfield code="w">KA</subfield>
  </datafield>
  <datafield tag="H52" ind1="8" ind2=" ">
    <subfield code="b">UB</subfield>
    <subfield code="c">UB_G2B3</subfield>
    <subfield code="h">PFB2575</subfield>
    <subfield code="8">22126097490006471</subfield>
  </datafield>
  <datafield tag="HOL" ind1=" " ind2=" ">
    <subfield code="b">2023-07-30 15:47:25</subfield>
    <subfield code="8">22126097490006471</subfield>
    <subfield code="M">49HBZ_UBO</subfield>
    <subfield code="g">false</subfield>
    <subfield code="a">import</subfield>
  </datafield>
  <datafield tag="ITM" ind1=" " ind2=" ">
    <subfield code="H">22126097490006471</subfield>
    <subfield code="x">UB_G2B3</subfield>
    <subfield code="f">BOOK</subfield>
    <subfield code="v">UB_G2B3</subfield>
    <subfield code="p">X</subfield>
    <subfield code="X">System</subfield>
    <subfield code="U">2023-07-30 12:59:00 Europe/Berlin</subfield>
    <subfield code="Y">2024-03-28 12:20:42 Europe/Berlin</subfield>
    <subfield code="h">false</subfield>
    <subfield code="n">PFB2575</subfield>
    <subfield code="G">1</subfield>
    <subfield code="M">49HBZ_UBO</subfield>
    <subfield code="s">1</subfield>
    <subfield code="d">8</subfield>
    <subfield code="V">import</subfield>
    <subfield code="L">HBZ01: HT000582849 | Anzahl  Beilagen: 1</subfield>
    <subfield code="b">PFB2575</subfield>
    <subfield code="O">SISIS-Vormerkzähler Migrationsjahr: 0 | SISIS-Buchdaten-Aufnahmedatum: 2008-05-21 | FussnoteIInt: GB42890</subfield>
    <subfield code="N">Sigel: 294 | Klassifikation: 2105 | SISIS-Ausleihzähler Migrationsjahr: 0</subfield>
    <subfield code="a">23126097480006471</subfield>
    <subfield code="c">PFB2575</subfield>
    <subfield code="W">2023-07-30 17:47:25 Europe/Berlin</subfield>
    <subfield code="u">UB</subfield>
    <subfield code="w">UB</subfield>
  </datafield>
  <datafield tag="H52" ind1="8" ind2=" ">
    <subfield code="b">X0001</subfield>
    <subfield code="c">19</subfield>
    <subfield code="h">ANT211</subfield>
    <subfield code="8">22240367760006443</subfield>
  </datafield>
  <datafield tag="HOL" ind1=" " ind2=" ">
    <subfield code="b">2021-04-01 09:08:26</subfield>
    <subfield code="8">22240367760006443</subfield>
    <subfield code="M">49HBZ_DUE</subfield>
    <subfield code="g">false</subfield>
    <subfield code="a">import</subfield>
  </datafield>
  <datafield tag="ITM" ind1=" " ind2=" ">
    <subfield code="H">22240367760006443</subfield>
    <subfield code="x">19</subfield>
    <subfield code="f">BOOK</subfield>
    <subfield code="v">19</subfield>
    <subfield code="p">34</subfield>
    <subfield code="X">System</subfield>
    <subfield code="U">2000-09-13 12:59:00 Europe/Berlin</subfield>
    <subfield code="Y">2021-04-01 11:09:13 Europe/Berlin</subfield>
    <subfield code="h">false</subfield>
    <subfield code="M">49HBZ_DUE</subfield>
    <subfield code="s">1</subfield>
    <subfield code="d">8</subfield>
    <subfield code="V">import</subfield>
    <subfield code="b">406429101</subfield>
    <subfield code="a">23240367750006443</subfield>
    <subfield code="R">Maintenance count: 001</subfield>
    <subfield code="c">ANT211</subfield>
    <subfield code="W">2000-09-13 02:00:00 Europe/Berlin</subfield>
    <subfield code="u">X0001</subfield>
    <subfield code="w">X0001</subfield>
  </datafield>
  <datafield tag="H52" ind1=" " ind2=" ">
    <subfield code="b">38-404</subfield>
    <subfield code="c">38-404-BIB</subfield>
    <subfield code="8">22246159360006476</subfield>
  </datafield>
  <datafield tag="HOL" ind1=" " ind2=" ">
    <subfield code="b">2023-08-22 12:45:45</subfield>
    <subfield code="8">22246159360006476</subfield>
    <subfield code="M">49HBZ_UBK</subfield>
    <subfield code="g">false</subfield>
    <subfield code="a">import</subfield>
  </datafield>
  <datafield tag="H52" ind1=" " ind2=" ">
    <subfield code="b">KN3</subfield>
    <subfield code="c">KN3-KMB</subfield>
    <subfield code="8">22246159380006476</subfield>
  </datafield>
  <datafield tag="HOL" ind1=" " ind2=" ">
    <subfield code="b">2023-08-22 12:45:45</subfield>
    <subfield code="8">22246159380006476</subfield>
    <subfield code="M">49HBZ_UBK</subfield>
    <subfield code="g">false</subfield>
    <subfield code="a">import</subfield>
  </datafield>
  <datafield tag="H52" ind1=" " ind2=" ">
    <subfield code="b">38</subfield>
    <subfield code="c">38-MAG</subfield>
    <subfield code="8">22246159400006476</subfield>
  </datafield>
  <datafield tag="HOL" ind1=" " ind2=" ">
    <subfield code="b">2023-08-22 12:45:45</subfield>
    <subfield code="8">22246159400006476</subfield>
    <subfield code="M">49HBZ_UBK</subfield>
    <subfield code="g">false</subfield>
    <subfield code="a">import</subfield>
  </datafield>
  <datafield tag="ITM" ind1=" " ind2=" ">
    <subfield code="H">22246159360006476</subfield>
    <subfield code="x">38-404-BIB</subfield>
    <subfield code="f">BOOK</subfield>
    <subfield code="v">38-404-BIB</subfield>
    <subfield code="p">X</subfield>
    <subfield code="X">AMO_HBZ_FIX</subfield>
    <subfield code="U">2023-08-21 12:59:00 Europe/Berlin</subfield>
    <subfield code="Y">2023-08-24 04:52:25 Europe/Berlin</subfield>
    <subfield code="h">false</subfield>
    <subfield code="n">404/Pd1782</subfield>
    <subfield code="G">1</subfield>
    <subfield code="M">49HBZ_UBK</subfield>
    <subfield code="s">1</subfield>
    <subfield code="d">#</subfield>
    <subfield code="V">import</subfield>
    <subfield code="L">Inv.-Nr.: I,1939;retro</subfield>
    <subfield code="b">TEMP34384</subfield>
    <subfield code="O">HBZ01: HT000582849 | Aufnahmedatum: 2016-04-20 | Klassifikation: 0</subfield>
    <subfield code="a">23246159350006476</subfield>
    <subfield code="W">2023-08-22 14:45:45 Europe/Berlin</subfield>
    <subfield code="u">38-404</subfield>
    <subfield code="w">38-404</subfield>
  </datafield>
  <datafield tag="ITM" ind1=" " ind2=" ">
    <subfield code="H">22246159400006476</subfield>
    <subfield code="x">38-MAG</subfield>
    <subfield code="f">BOOK</subfield>
    <subfield code="v">38-MAG</subfield>
    <subfield code="p">L</subfield>
    <subfield code="X">System</subfield>
    <subfield code="U">2023-08-21 12:59:00 Europe/Berlin</subfield>
    <subfield code="Y">2024-11-07 09:27:32 Europe/Berlin</subfield>
    <subfield code="h">false</subfield>
    <subfield code="n">K4/529</subfield>
    <subfield code="G">1</subfield>
    <subfield code="M">49HBZ_UBK</subfield>
    <subfield code="s">1</subfield>
    <subfield code="d">#</subfield>
    <subfield code="V">import</subfield>
    <subfield code="b">K4/529</subfield>
    <subfield code="O">HBZ01: HT000582849 | Klassifikation: 0</subfield>
    <subfield code="a">23246159390006476</subfield>
    <subfield code="W">2023-08-22 14:45:45 Europe/Berlin</subfield>
    <subfield code="u">38</subfield>
    <subfield code="w">38</subfield>
  </datafield>
  <datafield tag="ITM" ind1=" " ind2=" ">
    <subfield code="H">22246159380006476</subfield>
    <subfield code="x">KN3-KMB</subfield>
    <subfield code="f">BOOK</subfield>
    <subfield code="v">KN3-KMB</subfield>
    <subfield code="p">X</subfield>
    <subfield code="X">AMO_HBZ_FIX</subfield>
    <subfield code="U">2023-08-21 12:59:00 Europe/Berlin</subfield>
    <subfield code="Y">2023-08-24 04:52:25 Europe/Berlin</subfield>
    <subfield code="h">false</subfield>
    <subfield code="n">KMB/MNR 4  1878</subfield>
    <subfield code="G">1</subfield>
    <subfield code="M">49HBZ_UBK</subfield>
    <subfield code="s">1</subfield>
    <subfield code="d">#</subfield>
    <subfield code="V">import</subfield>
    <subfield code="L">Materialart: BOOK;Exemplar: 1. Ex.;Abrufzeichen: BB</subfield>
    <subfield code="b">KMB/1910.42</subfield>
    <subfield code="O">HBZ01: HT000582849 | Aufnahmedatum: 2017-01-19 | Klassifikation: 0</subfield>
    <subfield code="a">23246159370006476</subfield>
    <subfield code="B">1910-42</subfield>
    <subfield code="W">2023-08-22 14:45:45 Europe/Berlin</subfield>
    <subfield code="u">KN3</subfield>
    <subfield code="w">KN3</subfield>
  </datafield>
  <datafield tag="H52" ind1="8" ind2=" ">
    <subfield code="b">FBH</subfield>
    <subfield code="c">FBH_KASON</subfield>
    <subfield code="h">A-XV Schl 3253</subfield>
    <subfield code="8">22608775810006449</subfield>
  </datafield>
  <datafield tag="HOL" ind1=" " ind2=" ">
    <subfield code="b">2022-07-11 13:29:17</subfield>
    <subfield code="8">22608775810006449</subfield>
    <subfield code="M">49HBZ_ULM</subfield>
    <subfield code="g">false</subfield>
    <subfield code="a">import</subfield>
  </datafield>
  <datafield tag="H52" ind1="8" ind2=" ">
    <subfield code="b">ZB</subfield>
    <subfield code="c">ZB_GMAGL</subfield>
    <subfield code="h">k+1 390</subfield>
    <subfield code="8">22608775830006449</subfield>
  </datafield>
  <datafield tag="HOL" ind1=" " ind2=" ">
    <subfield code="b">2022-07-11 13:29:17</subfield>
    <subfield code="8">22608775830006449</subfield>
    <subfield code="M">49HBZ_ULM</subfield>
    <subfield code="g">false</subfield>
    <subfield code="a">import</subfield>
  </datafield>
  <datafield tag="ITM" ind1=" " ind2=" ">
    <subfield code="H">22608775810006449</subfield>
    <subfield code="x">FBH_KASON</subfield>
    <subfield code="f">BOOK</subfield>
    <subfield code="v">FBH_KASON</subfield>
    <subfield code="X">System</subfield>
    <subfield code="U">2022-07-10 12:59:00 Europe/Berlin</subfield>
    <subfield code="Y">2023-12-10 15:35:59 Europe/Berlin</subfield>
    <subfield code="h">false</subfield>
    <subfield code="J">Assistenten-Zimmer</subfield>
    <subfield code="M">49HBZ_ULM</subfield>
    <subfield code="s">1</subfield>
    <subfield code="d">8</subfield>
    <subfield code="V">import</subfield>
    <subfield code="b">Z18-004398</subfield>
    <subfield code="a">23608775800006449</subfield>
    <subfield code="c">A-XV Schl 3253</subfield>
    <subfield code="W">2022-07-11 15:29:17 Europe/Berlin</subfield>
    <subfield code="u">FBH</subfield>
    <subfield code="w">FBH</subfield>
  </datafield>
  <datafield tag="ITM" ind1=" " ind2=" ">
    <subfield code="H">22608775830006449</subfield>
    <subfield code="x">ZB_GMAGL</subfield>
    <subfield code="I">Altsignaturen</subfield>
    <subfield code="f">BOOK</subfield>
    <subfield code="v">ZB_GMAGL</subfield>
    <subfield code="X">System</subfield>
    <subfield code="U">2022-07-10 12:59:00 Europe/Berlin</subfield>
    <subfield code="Y">2025-02-26 07:38:42 Europe/Berlin</subfield>
    <subfield code="h">false</subfield>
    <subfield code="M">49HBZ_ULM</subfield>
    <subfield code="A">true</subfield>
    <subfield code="s">1</subfield>
    <subfield code="d">8</subfield>
    <subfield code="V">import</subfield>
    <subfield code="b">6-00279922-X</subfield>
    <subfield code="a">23608775820006449</subfield>
    <subfield code="c">k+1 390</subfield>
    <subfield code="W">2022-07-11 15:29:17 Europe/Berlin</subfield>
    <subfield code="u">ZB</subfield>
    <subfield code="w">ZB</subfield>
  </datafield>
  <datafield tag="GST" ind1=" " ind2=" ">
    <subfield code="a">Grabung</subfield>
    <subfield code="A">GND</subfield>
    <subfield code="B">GND-041294645</subfield>
    <subfield code="C">450</subfield>
  </datafield>
  <datafield tag="GST" ind1=" " ind2=" ">
    <subfield code="a">Archäologische Grabung</subfield>
    <subfield code="A">GND</subfield>
    <subfield code="B">GND-041294645</subfield>
    <subfield code="C">450</subfield>
  </datafield>
  <datafield tag="GST" ind1=" " ind2=" ">
    <subfield code="a">Ausgrabungen</subfield>
    <subfield code="A">GND</subfield>
    <subfield code="B">GND-041294645</subfield>
    <subfield code="C">450</subfield>
  </datafield>
  <datafield tag="GST" ind1=" " ind2=" ">
    <subfield code="a">Grabungen</subfield>
    <subfield code="A">GND</subfield>
    <subfield code="B">GND-041294645</subfield>
    <subfield code="C">450</subfield>
  </datafield>
  <datafield tag="GSI" ind1="7" ind2=" ">
    <subfield code="a">4129464-6</subfield>
    <subfield code="0">http://d-nb.info/gnd/4129464-6</subfield>
    <subfield code="2">gnd</subfield>
    <subfield code="A">GND</subfield>
    <subfield code="B">GND-041294645</subfield>
    <subfield code="C">024</subfield>
  </datafield>
  <datafield tag="GSI" ind1="7" ind2=" ">
    <subfield code="a">http://d-nb.info/gnd/4040975-2</subfield>
    <subfield code="2">uri</subfield>
    <subfield code="A">GND</subfield>
    <subfield code="B">GND-040409759</subfield>
    <subfield code="C">024</subfield>
  </datafield>
  <datafield tag="GGN" ind1=" " ind2=" ">
    <subfield code="a">Mykenä</subfield>
    <subfield code="A">GND</subfield>
    <subfield code="B">GND-040409759</subfield>
    <subfield code="C">451</subfield>
  </datafield>
  <datafield tag="GGN" ind1=" " ind2=" ">
    <subfield code="a">Mikinä</subfield>
    <subfield code="A">GND</subfield>
    <subfield code="B">GND-040409759</subfield>
    <subfield code="C">451</subfield>
  </datafield>
  <datafield tag="GGN" ind1=" " ind2=" ">
    <subfield code="a">Mikenai</subfield>
    <subfield code="A">GND</subfield>
    <subfield code="B">GND-040409759</subfield>
    <subfield code="C">451</subfield>
  </datafield>
  <datafield tag="GPN" ind1="1" ind2=" ">
    <subfield code="a">Schliemann, Johann Ludwig Heinrich Julius</subfield>
    <subfield code="d">1822-1890</subfield>
    <subfield code="4">navo</subfield>
    <subfield code="i">Vollstaendiger Name</subfield>
    <subfield code="A">GND</subfield>
    <subfield code="B">GND-118608215</subfield>
    <subfield code="C">400</subfield>
  </datafield>
  <datafield tag="GPN" ind1="1" ind2=" ">
    <subfield code="a">Schliemann, H.</subfield>
    <subfield code="d">1822-1890</subfield>
    <subfield code="A">GND</subfield>
    <subfield code="B">GND-118608215</subfield>
    <subfield code="C">400</subfield>
  </datafield>
  <datafield tag="GPN" ind1="1" ind2=" ">
    <subfield code="a">Slēman, Herrikos</subfield>
    <subfield code="d">1822-1890</subfield>
    <subfield code="A">GND</subfield>
    <subfield code="B">GND-118608215</subfield>
    <subfield code="C">400</subfield>
  </datafield>
  <datafield tag="GPN" ind1="1" ind2=" ">
    <subfield code="a">Schliemann, Henri</subfield>
    <subfield code="d">1822-1890</subfield>
    <subfield code="A">GND</subfield>
    <subfield code="B">GND-118608215</subfield>
    <subfield code="C">400</subfield>
  </datafield>
  <datafield tag="GPN" ind1="1" ind2=" ">
    <subfield code="a">Schlēman, Herrikos</subfield>
    <subfield code="d">1822-1890</subfield>
    <subfield code="A">GND</subfield>
    <subfield code="B">GND-118608215</subfield>
    <subfield code="C">400</subfield>
  </datafield>
  <datafield tag="GPN" ind1="1" ind2=" ">
    <subfield code="a">Schliemann, Enrico</subfield>
    <subfield code="d">1822-1890</subfield>
    <subfield code="A">GND</subfield>
    <subfield code="B">GND-118608215</subfield>
    <subfield code="C">400</subfield>
  </datafield>
  <datafield tag="GPN" ind1="1" ind2=" ">
    <subfield code="a">Shliman, Genrikh</subfield>
    <subfield code="d">1822-1890</subfield>
    <subfield code="9">v:Russ. Vorlageform, AACR</subfield>
    <subfield code="A">GND</subfield>
    <subfield code="B">GND-118608215</subfield>
    <subfield code="C">400</subfield>
  </datafield>
  <datafield tag="GPN" ind1="1" ind2=" ">
    <subfield code="a">Schliemann, Henry</subfield>
    <subfield code="d">1822-1890</subfield>
    <subfield code="A">GND</subfield>
    <subfield code="B">GND-118608215</subfield>
    <subfield code="C">400</subfield>
  </datafield>
  <datafield tag="GPN" ind1="1" ind2=" ">
    <subfield code="a">Šliman, Genrich</subfield>
    <subfield code="d">1822-1890</subfield>
    <subfield code="A">GND</subfield>
    <subfield code="B">GND-118608215</subfield>
    <subfield code="C">400</subfield>
  </datafield>
  <datafield tag="GSI" ind1="7" ind2=" ">
    <subfield code="a">118608215</subfield>
    <subfield code="0">http://d-nb.info/gnd/118608215</subfield>
    <subfield code="2">gnd</subfield>
    <subfield code="A">GND</subfield>
    <subfield code="B">GND-118608215</subfield>
    <subfield code="C">024</subfield>
  </datafield>
</record>
